@Misc{hid-sp18-413-Clojure,
  author = { Clojure },
    title        = { Clojure}
      howpublished = {Web},
        timestamp    = {},
	  Url = { https://clojure.org  }
	  }

@Misc{hid-sp18-413-Clojure-wiki,
  author = { Wikipedia },
    title        = { Clojure}
      howpublished = {Web},
        timestamp    = {},
	  Url = {  https://en.wikipedia.org/wiki/Clojure }

@Misc{hid-sp18-413-Paxata,
  author = { Paxata },
    title       = { Paxata },
      howpublished = {Web},
	  Url = { https://www.paxata.com/ },
	  }

@Misc{hid-sp18-413-Weka,
  author = { Weka },
    title      = { Machine Learning Group },
      howpublished = {Web},
	Url = { https://www.cs.waikato.ac.nz/ml  }
	}


@Misc{hid-sp18-413-WekaWikipedia,
  author = { Weka },
    title      = { Weka_machine_learning },
      howpublished = {Web},
        timestamp  ={2018-01-24},
	  Url = { https://en.wikipedia.org/wiki/Weka_(machine_learning) }
	  }

@Misc{hid-sp18-413-LogicalGlue,
  author = { logicalGlue },
    title    ={ LoicalGlue}
      howpublished = {Web},
        timestamp ={}
	Url = { https://www.logicalglue.com  }
	}

@Misc{hid-sp18-413-LogicalGlueCrunchbase,
  author = { crunchbase},
    title    ={Logical Glue},
      howpublished = {Web},
	Url = { https://www.crunchbase.com/organization/logical-glue   }
	}

@Misc{hid-sp18-413-WhatisPuppet,
  author  = {Puppet},
    title        = {Puppet},
      howpublished = {Web},
        timestamp    = {2017-12-12},
	  Url = {https://en.wikipedia.org/wiki/Puppet_(software) },
	  }

@Misc{hid-sp18-413-Puppet-kubernetes,
  author  = {Puppet},
    title        = {Puppet},
      howpublished = {Web},
        timestamp    = {},
	  Url = {https://forge.puppet.com/puppetlabs/kubernetes#description },
	  }
	  
@Misc{hid-sp18-413-Zeppelin,
  author = { Zeppelin },
    title    = = { ZeppelinProposal}
      howpublished = {Web},
        timestamp ={}
	Url = { https://wiki.apache.org/incubator/ZeppelinProposal  }
	}

@Misc{hid-sp18-413-ZeppelinandNotebooks,
  author = { Alex Perrier },
    title    ={ jupyter-zeppelin-beaker-the-rise-of-the-notebooks },
      howpublished = {Web},
	Url = { https://opendatascience.com/blog/jupyter-zeppelin-beaker-the-rise-of-the-notebooks/ }
	}
	