@Misc{hid-sp18-413-dockerswarm,
  Title =        {Swarm},
  Author =       {Docker},
  HowPublished = {Web},
  URL =          {https://docs.docker.com/engine/swarm/},
}

@Misc{hid-sp18-413-OracleVM,
  Title =        {Oracle Virtual Machine},
  Author =       {Oracle},
  HowPublished = {Web},
  URL =          {https://en.wikipedia.org/wiki/Oracle_VM_Server_for_x86},
}


@Misc{hid-sp18-413-docker,
  Title =        {WhatisDocker},
  Author =       {Opensource},
  HowPublished = {Web},
  URL =          {https://opensource.com/resources/what-docker},
}


@Misc{hid-sp18-413-dockerhub,
  Title =        {dockerhub},
  Author =       {docker},
  HowPublished = {Web},
  URL =          {https://docs.docker.com/docker-hub},
}


@Misc{hid-sp18-413-python,
  Title =        {python},
  Author =       {wikipedia},
  HowPublished = {Web},
  URL =          {https://en.wikipedia.org/wiki/Python_(programming_language)},
  }

@Misc{hid-sp18-413-pandas,
  Title =        {pandas},
  Author =       {pandas},
  HowPublished = {Web},
  URL =          {https://pandas.pydata.org},
}

@Misc{hid-sp18-413-numpy,
  Title =        {numpy},
  Author =       {numpy},
  HowPublished = {Web},
  URL =          {http://www.numpy.org},
}

@Misc{hid-sp18-413-kmeans,
  Title =        {kmeans},
  Author =       {Stanford},
  HowPublished = {Web},
  URL =          {http://stanford.edu/~cpiech/cs221/handouts/kmeans.html},
  }
