
@Misc{hid-sp18-413-puppet-architecture,
Title              = {puppet architecture},
Author             = {Puppet},
HowPublished       = {Web},
Timestamp          ={},
URL                ={https://puppet.com/docs/puppet/5.3/architecture.html},
}

@Misc{hid-sp18-413-puppet-facter,
Title              = {puppet facter},
Author             = {Puppet},
HowPublished       = {Web},
Timestamp          ={},
URL                ={https://puppet.com/docs/facter/3.9/custom_facts.html#configuring-facts},
}


@Misc{hid-sp18-413-puppet-monitoring,
Title              = {puppet monitoring},
Author             = {Puppet},
HowPublished       = {Web},
Timestamp          ={},
URL                ={https://puppet.com/blog/puppet-monitoring-how-to-monitor-success-or-failure-of-puppet-runs},
}

@Misc{hid-sp18-413-puppet-modules,
Title              = {puppet modules},
Author             = {Puppet},
HowPublished       = {Web},
Timestamp          ={},
URL                ={https://puppet.com/docs/puppet/5.3/modules_fundamentals.html},
}

@Misc{hid-sp18-413-puppet-language,
Title              = {puppet lanuage},
Author             = {Puppet},
HowPublished       = {Web},
Timestamp          ={},
URL                ={https://puppet.com/docs/puppet/5.4/lang_summary.html},
}

@Misc{hid-sp18-413-puppet-puppetkubernetes,
Title              = {puppet kubernetes},
Author             = {github},
HowPublished       = {Web},
Timestamp          ={},
URL                ={https://puppet.com/blog/kubernetes-guestbook-example-puppet}
}

@Misc{hid-sp18-413-puppet-mongodb,
Title              = {mongodb},
Author             = {mongodb},
HowPublished       = {Web},
Timestamp          ={},
URL                ={https://www.mongodb.com}
}

@Misc{hid-sp18-413-puppet-mcollective,
Title              = {mcollective},
Author             = {Puppet},
HowPublished       = {Web},
Timestamp          ={},
URL                ={https://puppet.com/docs/mcollective/current/index.html}
}

@Misc{hid-sp18-413-puppet-db,
Title              = {puppet db},
Author             = {Puppet},
HowPublished       = {Web},
Timestamp          ={},
URL                ={https://puppet.com/blog/introducing-puppetdb-put-your-data-to-work}
}

@Misc{hid-sp18-413-puppet-kubeclient,
Title              = {puppet kubeclient},
Author             = {github},
HowPublished       = {Web},
Timestamp          ={},
URL                ={https://github.com/puppetlabs/puppetlabs-kubernetes/blob/master/README.md}
}